

@article{mrc_paper,
	title={{Achievable downlink rates of MRC and ZF precoders in massive MIMO with uplink and downlink pilot contamination}},
	author={Khansefid, Amin and Minn, Hlaing},
	journal={{IEEE} Trans. Commun.},
	volume={63},
	number={12},
	pages={4849--4864},
	year={2015},
	month = {Dec.}
}


@inproceedings{zhu_matrix,
	title = {On the matrix inversion approximation based on {Neumann} series in massive {MIMO} systems},
	booktitle ={ Proc. {IEEE} ICC},
	author = {Zhu, D. and Li, B. and Liang, P.},
	month = {Jun.},
	year = {2015},
	pages = {1763--1769},
}


@techreport{3GPP,
	author       = {3GPP}, 
	title={Study on channel model for frequencies from 0.5 to 100 {GH}z},
	institution  = {3rd Generation Partnership Project (3GPP)},
	year         = {2018},
	month		 ={Aug.},
	number       = {{TR} 38.901 (V15.1.0)},
}



@book{directional,
	author    = {Mardia, Kantilal Varichau}, 
	title     = {Statistics of Directional Data},
	publisher = {Academic Press},
	year      = 1972,
	pages     = {41-42},
	isbn      = {0-12-471150-2}
}



@phdthesis{Tataria_PhDThesis,
	title = "Analysis of Multiuser Cellular Systems Over Heterogeneous Channels",
	keywords = "Multiuser MIMO Systems, Millimeter-Wave Systems, Propagation Channels, Heterogeneous Systems",
	author = "Harsh Tataria",
	year = "2017",
	school = "Victoria University of Wellington",
}



@book{gradshteyn2007,
	author = {Gradshteyn, I. S. and Ryzhik, I. M.},
	edition = {Fifth},
	publisher = {Elsevier/Academic Press, Amsterdam},
	title = {Table of {I}ntegrals, {S}eries, and {P}roducts},
	year = 1994
}

@article{dalmaijer2022statistical,
  title={Statistical power for cluster analysis},
  author={Dalmaijer, Edwin S and Nord, Camilla L and Astle, Duncan E},
  journal={BMC bioinformatics},
  volume={23},
  number={1},
  pages={1--28},
  year={2022},
  publisher={BioMed Central}
}

@article{matechou2016biclustering,
  title={Biclustering models for two-mode ordinal data},
  author={Matechou, Eleni and Liu, Ivy and Fern{\'a}ndez, Daniel and Farias, Miguel and Gjelsvik, Bergljot},
  journal={psychometrika},
  volume={81},
  pages={611--624},
  year={2016},
  publisher={Springer}
}

@article{fernandez2016mixture,
  title={Mixture-based clustering for the ordered stereotype model},
  author={Fern{\'a}ndez, Daniel and Arnold, Richard and Pledger, Shirley},
  journal={Computational Statistics \& Data Analysis},
  volume={93},
  pages={46--75},
  year={2016},
  publisher={Elsevier}
}

@article{fernandez2019finite,
  title={Finite mixture biclustering of discrete type multivariate data},
  author={Fern{\'a}ndez, Daniel and Arnold, Richard and Pledger, Shirley and Liu, Ivy and Costilla, Roy},
  journal={Advances in Data Analysis and Classification},
  volume={13},
  pages={117--143},
  year={2019},
  publisher={Springer}
}

@book{mclachlan2000finite,
  title={Finite Mixture Models},
  author={McLachlan, G.J. and Peel, D.},
  isbn={9780471006268},
  lccn={00043324},
  series={Wiley Series in Probability and Statistics},
  url={https://books.google.co.nz/books?id=GVnJEAAAQBAJ},
  year={2000},
  publisher={Wiley}
}

@article{10.1214/09-SS053,
author = {Volodymyr Melnykov and Ranjan Maitra},
title = {{Finite mixture models and model-based clustering}},
volume = {4},
journal = {Statistics Surveys},
number = {none},
publisher = {Amer. Statist. Assoc., the Bernoulli Soc., the Inst. Math. Statist., and the Statist. Soc. Canada},
pages = {80 -- 116},
keywords = {diagnostics, EM algorithm, magnitude magnetic resonance images, Model selection, proteomics, text mining, two-dimensional gel electrophoresis data, Variable selection},
year = {2010},
doi = {10.1214/09-SS053},
URL = {https://doi.org/10.1214/09-SS053}
}


@article{figueiredo2002unsupervised,
  title={Unsupervised learning of finite mixture models},
  author={Figueiredo, Mario A. T. and Jain, Anil K.},
  journal={IEEE Transactions on pattern analysis and machine intelligence},
  volume={24},
  number={3},
  pages={381--396},
  year={2002},
  publisher={Ieee}
}

@article{jacques2018model,
  title={Model-based co-clustering for ordinal data},
  author={Jacques, Julien and Biernacki, Christophe},
  journal={Computational Statistics \& Data Analysis},
  volume={123},
  pages={101--115},
  year={2018},
  publisher={Elsevier}
}
